<record><leader>00000cas a22000007a 4500</leader><controlfield tag="001">19933692</controlfield><controlfield tag="008">890627d19671978mauwr ne      0    0eng d</controlfield><datafield ind1=" " ind2=" " tag="010"><subfield code="a">sn 89062056 </subfield></datafield><datafield ind1=" " ind2=" " tag="040"><subfield code="a">MGN</subfield><subfield code="b">eng</subfield><subfield code="c">MGN</subfield><subfield code="d">OCLCQ</subfield></datafield><datafield ind1=" " ind2=" " tag="042"><subfield code="a">msc</subfield></datafield><datafield ind1="0" ind2="4" tag="245"><subfield code="a">The Braintree observer and Sunday forum.</subfield></datafield><datafield ind1=" " ind2=" " tag="260"><subfield code="a">Braintree, Mass. :</subfield><subfield code="b">Community Newspapers, Inc.</subfield></datafield><datafield ind1=" " ind2=" " tag="300"><subfield code="a">v.</subfield></datafield><datafield ind1=" " ind2=" " tag="310"><subfield code="a">Weekly</subfield></datafield><datafield ind1="0" ind2=" " tag="362"><subfield code="a">Vol. 99, no. 19 (May 14, 1967)-v. 100, no. 38 (Sept. 17, 1978).</subfield></datafield><datafield ind1=" " ind2=" " tag="752"><subfield code="a">United States</subfield><subfield code="b">Massachusetts</subfield><subfield code="c">Norfolk</subfield><subfield code="d">Braintree.</subfield></datafield><datafield ind1="0" ind2="4" tag="780"><subfield code="t">Observer (Braintree, Mass.)</subfield><subfield code="w">(DLC)sn 89062054</subfield></datafield><datafield ind1="0" ind2="4" tag="780"><subfield code="t">Braintree Sunday forum</subfield><subfield code="w">(DLC)sn 89062055</subfield></datafield><datafield ind1="0" ind2="0" tag="785"><subfield code="t">Braintree forum and observer</subfield><subfield code="w">(DLC)sn 89062057</subfield></datafield></record>